 @Article{kilmer,
  author = 	 {Kilmer,C. D. and Martin,  M. E.},
  title = 	 "Factorization strategies for third-order tensors",
  year = 	 "2011",
  volume =	 "435",
  pages =	 "641 - 658",
  }
  
  @Article{Lu,
  author = 	 {Lu, C. and Feng, J. and Chen, Y. and Liu, W. and Z. Lin, and  Yan, S.},
  title = 	 "Tensor Robust Principal Component Analysis:Exact Recovery of Corrupted Low-Rank Tensors via Convex Optimization.",
  
  journal =	 " IEEE Conference on Computer Vision and Pattern Recognition(CVPR)",
  year =	 "2016",
  pages =	 "5249 - 5257",
}

 @Article{DCT,
  author = 	 {Lu, C. and Peng,X. and Wei, Y.},
  title = 	 "Low-rank Tensor Completion with a New Tensor Nuclear Norm Induced by
Invertible Linear Transforms",
  journal = { IEEE Conference on Computer Vision and Pattern Recognition (CVPR)}
  year = 	 "2019",
  }
    
  @Article{kohama,
  author = 	 "小浜　貴裕",
  title = 	 "相関除去アンフォールディングによるTensor Robust {PCA}の性能向上",
  journal =  "千葉工業大学卒業論文",
  year = 	 "2021",
  }

@Article{Candes,
  author = 	 "Candes,E. J. and Sing-Long,C. A. and Trzasko, J. D.",
  title = 	 "Unbiased Risk Estimates for Singular Value Thresholding and Spectral Estimators",
  journal =  "IEEE Transactions on Signal Processing",
  year = 	 "2013",
  volume =	 "61",
  number =	 "19",
  pages =	 "4643 - 4657",
  }

  
 @Article{ono,
  author = 	 "小野　峻佑",
  title = 	 "近接分離アルゴリズムとその応用 ---信号処理・画像処理の観点から---",
  journal =  "オペレーションズ・リサーチ 経営の科学",
  year = 	 "2019",
  pages =	 "316 - 325",
}

 